<collection xmlns="http://www.loc.gov/MARC21/slim">
<record>
  <leader>01351nam0a2200289 i 450 </leader>
  <controlfield tag="001">IT\ICCU\CNCE\041342</controlfield>
  <controlfield tag="005">20160309000000.0</controlfield>
  <datafield tag="012" ind1=" " ind2=" ">
    <subfield code="a">ruv. te:&amp; m-e- pede (3) 1504 (R)</subfield>
    <subfield code="2">fei</subfield>
  </datafield>
  <datafield tag="100" ind1=" " ind2=" ">
    <subfield code="a">19981105d1504        0itac0103    ba</subfield>
  </datafield>
  <datafield tag="101" ind1=" " ind2=" ">
    <subfield code="a">ITA</subfield>
  </datafield>
  <datafield tag="102" ind1=" " ind2=" ">
    <subfield code="a">IT</subfield>
  </datafield>
  <datafield tag="200" ind1="1" ind2=" ">
    <subfield code="a">Settanta nouelle</subfield>
  </datafield>
  <datafield tag="210" ind1=" " ind2=" ">
    <subfield code="e">In la inclyta citade de Venetia</subfield>
    <subfield code="g">stampate per Bartholomeo de Zanni da Portese</subfield>
    <subfield code="h">1504 adi xx de marzo</subfield>
  </datafield>
  <datafield tag="215" ind1=" " ind2=" ">
    <subfield code="a">65, \1! c.</subfield>
    <subfield code="c">ill.</subfield>
    <subfield code="d">fol</subfield>
  </datafield>
  <datafield tag="300" ind1=" " ind2=" ">
    <subfield code="a">L&apos;autore si ricava dall&apos;explicit</subfield>
  </datafield>
  <datafield tag="620" ind1=" " ind2=" ">
    <subfield code="a">IT</subfield>
    <subfield code="d">Venezia</subfield>
  </datafield>
  <datafield tag="700" ind1=" " ind2="1">
    <subfield code="a">Arienti,</subfield>
    <subfield code="b">Giovanni Sabadino : degli</subfield>
    <subfield code="3">IT\ICCU\CNCA\000862</subfield>
  </datafield>
  <datafield tag="712" ind1="0" ind2="0">
    <subfield code="a">Zani, Bartolomeo</subfield>
    <subfield code="3">IT\ICCU\CNCT\000488</subfield>
    <subfield code="4">650</subfield>
  </datafield>
  <datafield tag="790" ind1=" " ind2="1">
    <subfield code="a">Sabadino degli Arienti,</subfield>
    <subfield code="b">Giovanni</subfield>
    <subfield code="3">IT\ICCU\CNCA\012692</subfield>
    <subfield code="z">Arienti, Giovanni Sabadino : degli</subfield>
  </datafield>
  <datafield tag="790" ind1=" " ind2="0">
    <subfield code="a">Sabadino</subfield>
    <subfield code="c"> : Bolognese</subfield>
    <subfield code="3">IT\ICCU\CNCA\014701</subfield>
    <subfield code="z">Arienti, Giovanni Sabadino : degli</subfield>
  </datafield>
  <datafield tag="791" ind1="0" ind2="0">
    <subfield code="a">Zanni, Bartolomeo</subfield>
    <subfield code="3">IT\ICCU\CNCT\002955</subfield>
    <subfield code="z">Zani, Bartolomeo</subfield>
  </datafield>
  <datafield tag="791" ind1="0" ind2="0">
    <subfield code="a">Zannis, Bartholomeus de</subfield>
    <subfield code="3">IT\ICCU\CNCT\005809</subfield>
    <subfield code="z">Zani, Bartolomeo</subfield>
  </datafield>
  <datafield tag="791" ind1="0" ind2="0">
    <subfield code="a">Zanis, Bartholomeus de</subfield>
    <subfield code="3">IT\ICCU\CNCT\005810</subfield>
    <subfield code="z">Zani, Bartolomeo</subfield>
  </datafield>
  <datafield tag="801" ind1=" " ind2="3">
    <subfield code="a">IT</subfield>
    <subfield code="b">ICCU</subfield>
    <subfield code="c">20201114</subfield>
  </datafield>
  <datafield tag="899" ind1=" " ind2=" ">
    <subfield code="a">Biblioteca civica A. Mai. Bergamo</subfield>
    <subfield code="1">BG0026</subfield>
    <subfield code="2">LO1 02</subfield>
  </datafield>
  <datafield tag="911" ind1=" " ind2=" ">
    <subfield code="a">Nel coloph.</subfield>
    <subfield code="9">IT\ICCU\CNCM\000195</subfield>
  </datafield>
  <datafield tag="921" ind1=" " ind2=" ">
    <subfield code="a">IT\ICCU\CNCM\000195</subfield>
    <subfield code="b">Cerchio con croce doppia e iniziali B.Z. In cornice.</subfield>
    <subfield code="c">K338</subfield>
    <subfield code="c">V521</subfield>
    <subfield code="c">Z298</subfield>
    <subfield code="f">BZ</subfield>
    <subfield code="f">CERCHIO</subfield>
    <subfield code="f">CROCE</subfield>
    <subfield code="g">1503-1505</subfield>
  </datafield>
</record>
</collection>
